@book{geronHandsOn,
  title = {Hands-{{On Machine Learning}} with {{Scikit-Learn}}, {{Keras}}, and {{TensorFlow}}},
  author = {Géron, Aurélien},
  year = {2019},
  publisher = {{O'Reilly Media, Incorporated}},
  location = {{Sebastopol, UNITED STATES}},
  isbn = {978-1-4920-3261-8},
  keywords = {Machine learning.,Python (Computer program language)},
}

@book{JamesStatisticalLearning,
  title     = "An Introduction to Statistical Learning: With applications in {R}",
  author    = "James, Gareth and Witten, Daniela and Hastie, Trevor and Tibshirani, Robert",
  publisher = "Springer Nature",
  month     =  jul,
  year      =  2021,
  address   = "Cham, Switzerland",
  language  = "en"
}

@inproceedings{sklearn_api,
  author    = {Lars Buitinck and Gilles Louppe and Mathieu Blondel and
               Fabian Pedregosa and Andreas Mueller and Olivier Grisel and
               Vlad Niculae and Peter Prettenhofer and Alexandre Gramfort
               and Jaques Grobler and Robert Layton and Jake VanderPlas and
               Arnaud Joly and Brian Holt and Ga{\"{e}}l Varoquaux},
  title     = {{API} design for machine learning software: experiences from the scikit-learn
               project},
  booktitle = {ECML PKDD Workshop: Languages for Data Mining and Machine Learning},
  year      = {2013},
  pages = {108--122},
}

@online{xiao2017/online,
  author       = {Han Xiao and Kashif Rasul and Roland Vollgraf},
  title        = {Fashion-MNIST: a Novel Image Dataset for Benchmarking Machine Learning Algorithms},
  date         = {2017-08-28},
  year         = {2017}
}


@article{lecun-lenet,
	title = {Gradient-Based Learning Applied to Document Recognition},
	author = {{LeCun}, Yann and Bottou, Leon and Bengio, Yoshua and Ha, Patrick},
	date = {1998},
	langid = {english},
}


@incollection{prechelt_early_2012,
	location = {Berlin, Heidelberg},
	title = {Early Stopping — But When?},
	isbn = {978-3-642-35289-8},
	url = {https://doi.org/10.1007/978-3-642-35289-8_5},
	pages = {53--67},
	booktitle = {Neural Networks: Tricks of the Trade: Second Edition},
	publisher = {Springer Berlin Heidelberg},
	author = {Prechelt, Lutz},
	editor = {Montavon, Grégoire and Orr, Geneviève B. and Müller, Klaus-Robert},
	date = {2012},
	doi = {10.1007/978-3-642-35289-8_5},
}

@misc{chollet2015keras,
  title={Keras},
  author={Chollet, Fran\c{c}ois and others},
  year={2015},
  howpublished={\url{https://keras.io}},
  url={https://keras.io}
}


@misc{digit_mnist,
	title = {The {MNIST} Database of Handwirtten digits},
	url = {http://yann.lecun.com/exdb/mnist/},
	author = {{LeCun}, Yann and Cortes, Corinna and Burges, Christopher J. C.},
    year = 1998
}
